<record><leader>00000cas a2200000 a 4500</leader><controlfield tag="001">15341527</controlfield><controlfield tag="008">870319d19481968caudn ne      0    0eng  </controlfield><datafield ind1=" " ind2=" " tag="010"><subfield code="a">sn 87062115 </subfield></datafield><datafield ind1=" " ind2=" " tag="040"><subfield code="a">DLC</subfield><subfield code="b">eng</subfield><subfield code="c">DLC</subfield><subfield code="d">CNK</subfield><subfield code="d">OCLCO</subfield><subfield code="d">OCLCQ</subfield><subfield code="d">OCLCF</subfield><subfield code="d">OCLCA</subfield></datafield><datafield ind1="1" ind2=" " tag="029"><subfield code="a">AU@</subfield><subfield code="b">000025840315</subfield></datafield><datafield ind1=" " ind2=" " tag="042"><subfield code="a">pcc</subfield></datafield><datafield ind1=" " ind2=" " tag="043"><subfield code="a">n-us-ca</subfield></datafield><datafield ind1="0" ind2="0" tag="050"><subfield code="a">Newspaper 7002</subfield></datafield><datafield ind1="0" ind2=" " tag="130"><subfield code="a">Citizen-news (Hollywood, Los Angeles, Calif.)</subfield></datafield><datafield ind1="1" ind2="0" tag="245"><subfield code="a">Citizen-news.</subfield></datafield><datafield ind1="1" ind2="3" tag="246"><subfield code="a">Hollywood citizen news</subfield></datafield><datafield ind1=" " ind2=" " tag="260"><subfield code="a">Hollywood, Calif. :</subfield><subfield code="b">Harlan G. Palmer</subfield></datafield><datafield ind1=" " ind2=" " tag="300"><subfield code="a">v.</subfield></datafield><datafield ind1=" " ind2=" " tag="310"><subfield code="a">Daily (except Sun.)</subfield></datafield><datafield ind1="0" ind2=" " tag="362"><subfield code="a">Vol. 44, no. 202 (Nov. 22, 1948)-v. 64, no. 210 (Nov. 30, 1968).</subfield></datafield><datafield ind1=" " ind2=" " tag="530"><subfield code="a">Master negatives are available for duplication from:</subfield><subfield code="b">California Newspaper Microfilm Archive;</subfield><subfield code="c">positive copies may be purchased by the reel; for further information consult the CNMA at:</subfield><subfield code="u">http://cbsr.ucr.edu</subfield></datafield><datafield ind1=" " ind2="0" tag="651"><subfield code="a">Hollywood (Los Angeles, Calif.)</subfield><subfield code="v">Newspapers.</subfield></datafield><datafield ind1=" " ind2="7" tag="655"><subfield code="a">Newspapers.</subfield><subfield code="2">fast</subfield><subfield code="0">(OCoLC)fst01423814</subfield></datafield><datafield ind1=" " ind2="7" tag="651"><subfield code="a">California</subfield><subfield code="z">Los Angeles</subfield><subfield code="z">Hollywood.</subfield><subfield code="2">fast</subfield><subfield code="0">(OCoLC)fst01312041</subfield></datafield><datafield ind1=" " ind2=" " tag="752"><subfield code="a">United States</subfield><subfield code="b">California</subfield><subfield code="c">Los Angeles</subfield><subfield code="d">Los Angeles.</subfield></datafield><datafield ind1="0" ind2=" " tag="775"><subfield code="t">Citizen-news (Hollywood, Los Angeles, Calif. : 1948 : Valley ed.)</subfield><subfield code="w">(DLC)sn 99060912</subfield></datafield><datafield ind1="0" ind2=" " tag="775"><subfield code="t">Citizen-news (Hollywood, Los Angeles, Calif. : Beverly Hills ed.)</subfield><subfield code="w">(DLC)sn 99060809</subfield></datafield><datafield ind1="0" ind2=" " tag="775"><subfield code="t">Hollywood citizen-news (Hollywood, Los Angeles, Calif. : Beverly Hills ed.)</subfield><subfield code="w">(DLC)sn 99060810</subfield></datafield><datafield ind1="0" ind2=" " tag="775"><subfield code="t">Beverly Hills bulletin (Beverly Hills, Calif.)</subfield><subfield code="w">(DLC)sn 97060333</subfield></datafield><datafield ind1="0" ind2="0" tag="780"><subfield code="t">Hollywood citizen-news (Hollywood, Los Angeles, Calif. : 1945)</subfield><subfield code="w">(DLC)sn 99060914</subfield></datafield><datafield ind1="0" ind2="0" tag="785"><subfield code="t">Hollywood citizen news (Hollywood, Los Angeles, Calif. : 1968)</subfield><subfield code="w">(DLC)sn 95061031</subfield></datafield></record>